@book
{
    Che20,
    author = {Evan Chen},
    title = {The {OTIS} {E}xcerpts. {A} collection of 192 problems and solutions},
    publisher = {Independent publication},
    year = {2020}
}

@book
{
    BDMS98,
    author = {Hugo Barrantes and Pedro Díaz and Manuel Murillo and Alberto Soto},
    title = {Introducción a la {T}eoría de {N}úmeros},
    publisher = {Universidad {E}statal a {D}istancia. {C}osta {R}ica},
    year = {1998}
}

@book
{
    Som85,
    author = {I. Sominski},
    title = {Método de {I}nducción {M}atemática},
    publisher = {Editorial {MIR}},
    year = {1985}
}

@book
{
    Flo07,
    author = {Mikhaild Flores},
    title = {Álgebra. {T}eoría y práctica},
    publisher = {Editorial {S}an {M}arcos},
    year = {2007}
}
@book
{
    TR98,
    author = {Armando Tori and Juan Ramos},
    title = {Problemas de {Á}lgebra y cómo resolverlos},
    publisher = {{RASCO} {E}ditores},
    year = {1998}
}

@book
{
    PS70,
    author = {Alfred Posamentier and Charles Salkind},
    title = {Challenging Problems in Geometry},
    publisher = {Dover},
    year = {1970},
}

@book
{
    AKP16,
    author = {Titu Andreescu and Sam Korsky and Cosmin Pohoata},
    title = {Lemmas in olympiad geometry},
    publisher = {XYZ Press},
    year = {2016},
}

@book
{
    TKT12,
    author = {Jordan Tabov and Emil Kolev and Peter Taylor},
    title = {Methods of Problem Solving Book 3},
    publisher = {ATM},
    year = {2012},
}

@book
{
    Bar89,
    author = {Edward Barbeau},
    title = {Polynomials},
    publisher = {Springer},
    year = {1989}
}

@book
{
    BGR14,
    author = {Radmila Bulajich and Jośe Gómez and Rogelio Valdez},
    title = {Álgebra},
    publisher = {UNAM},
    year = {2014}
}

@book
{
    BGV14,
    author = {Radmila Bulajich and Jośe Gómez and Rogelio Valdez},
    title = {Desigualdades},
    publisher = {UNAM},
    year = {2014}
}

@book
{
    Eng97,
    author = {Arthur Engel},
    title = {Problem-{S}olving {S}trategies},
    publisher = {Springer},
    year = {1997}
}

@book
{
    RC08,
    author = {Richard Rusczyk and Mathew Crawford},
    title = {Intermediate {A}lgebra},
    publisher = {AoPS},
    year = {2008}
}


@book
{
    Gun10,
    author = {David Gunderson},
    title = {Handbook of {M}athematical {I}nduction. {T}heory and {A}pplications},
    publisher = {CRS Press},
    year = {2010}
}

@book
{
    AFIE17,
    author = {AFIE},
    title = {Problemas resueltos de razonamiento matemático},
    publisher = {Lumbreras Editores},
    year = {2017}
}


@book
{
    Loz20,
    author = {Stefan Lozanovski},
    title = {A beautiful journey through {O}lympiad {G}eometry},
    publisher = {Independent publication},
    year = {2017}
}

@book
{
    Agu19,
    author = {Eduardo Aguilar},
    title = {Estrategias sintéticas en {G}eometría {E}uclídea},
    publisher = {Editorial},
    year = {2019}
}

@book
{
    Bac22,
    author = {Jafet Baca},
    title = {Apuntes de {G}eometría {E}uclidiana para {C}ompeticiones {M}atemáticas},
    publisher = {Independent publication},
    year = {2022}
}